
@article{amiot_2007_structure_triangulated_categories,
  title        = {On the Structure of Triangulated Categories with Finitely Many Indecomposables},
  author       = {Amiot, Claire},
  date         = {2007},
  journaltitle = {Bull. Soc. Math. France},
  volume       = {135},
  number       = {3},
  pages        = {435--474},
  issn         = {0037-9484},
  doi          = {10.24033/bsmf.2542},
  url          = {http://www.ams.org/mathscinet-getitem?mr=2430189},
  urldate      = {2017-05-25},
  mrnumber     = {2430189},
  file         = {/Users/fernandomurojimenez/Zotero/storage/LZH5H4LA/Amiot - 2007 - On the structure of triangulated categories with f.pdf}
}

@article{balmer_schlichting_2001_idempotent_completion_triangulated,
  title        = {Idempotent Completion of Triangulated Categories},
  author       = {Balmer, Paul and Schlichting, Marco},
  date         = {2001},
  journaltitle = {J. Algebra},
  volume       = {236},
  number       = {2},
  pages        = {819--834},
  issn         = {0021-8693},
  url          = {https://mathscinet.ams.org/mathscinet-getitem?mr=1813503},
  urldate      = {2018-03-06},
  mrnumber     = {1813503},
  keywords     = {derived motivic category,idempotent complete (karoubian; pseudo-abelian) triangulated category},
  file         = {/Users/fernandomurojimenez/Zotero/storage/3LEB3M8M/Balmer and Schlichting - 2001 - Idempotent Completion of Triangulated Categories.pdf;/Users/fernandomurojimenez/Zotero/storage/3R6P7ZMR/S0021869300985296.html}
}

@article{bergh_jasso_thaule_2016_higher_angulations_local,
  title        = {Higher $n$-angulations from local rings},
  author       = {Bergh, Petter Andreas and Jasso, Gustavo and Thaule, Marius},
  date         = {2016-02},
  journaltitle = {J. London Math. Soc.},
  volume       = {93},
  number       = {1},
  pages        = {123-142},
  issn         = {0024-6107, 1469-7750},
  doi          = {10.1112/jlms/jdv064},
  url          = {http://doi.wiley.com/10.1112/jlms/jdv064},
  urldate      = {2022-03-17},
  abstract     = {We show that the category of ﬁnitely generated free modules over certain local rings is nangulated for every n 3. In fact, we construct several classes of n-angles, parameterized by equivalence classes of units in the local rings. Finally, we show that for odd values of n some of these n-angulated categories are not algebraic.},
  langid       = {english},
  file         = {/Users/fernandomurojimenez/Zotero/storage/5KRE3S6K/Bergh et al. - 2016 - Higher n -angulations from local rings.pdf}
}

@article{bergh_thaule_2013_axioms_angulated_categories,
  title        = {The axioms for $n$–angulated categories},
  author       = {Bergh, Petter Andreas and Thaule, Marius},
  date         = {2013-07-02},
  journaltitle = {Algebraic \& Geometric Topology},
  volume       = {13},
  number       = {4},
  pages        = {2405-2428},
  issn         = {1472-2739, 1472-2747},
  doi          = {10.2140/agt.2013.13.2405},
  url          = {http://www.msp.org/agt/2013/13-4/p21.xhtml},
  urldate      = {2018-03-15},
  abstract     = {We discuss the axioms for an n-angulated category, recently introduced by Geiss, Keller and Oppermann in [2]. In particular, we introduce a higher “octahedral axiom”, and show that it is equivalent to the mapping cone axiom for an n-angulated category. For a triangulated category, the mapping cone axiom, our octahedral axiom and the classical octahedral axiom are all equivalent.},
  langid       = {english},
  file         = {/Users/fernandomurojimenez/Zotero/storage/LUXJLJVW/Bergh and Thaule - 2013 - The axioms for ini –angulated categories.pdf}
}

@article{bondal_kapranov_1991_enhanced_triangulated_categories,
  title        = {Enhanced Triangulated Categories},
  author       = {Bondal, A. I. and Kapranov, M. M.},
  date         = {1991},
  journaltitle = {Mat. USSR Sb.},
  volume       = {70},
  number       = {1},
  pages        = {93--107},
  file         = {/Users/fernandomurojimenez/Zotero/storage/N9W8SA6S/Bondal and Kapranov - 1991 - ENHANCED TRIANGULATED CATEGORIES.pdf;/Users/fernandomurojimenez/Zotero/storage/9FBDGJVM/SM1991v070n01ABEH001253.html}
}

@article{geiss_keller_oppermann_2013_angulated_categories,
  ids          = {geiss_keller_oppermann_2013_nangulated_categories},
  title        = {$n$-angulated categories},
  author       = {Geiss, Christof and Keller, Bernhard and Oppermann, Steffen},
  date         = {2013},
  journaltitle = {J. Reine Angew. Math.},
  volume       = {675},
  pages        = {101–120},
  issn         = {0075-4102},
  doi          = {10.1515/crelle.2011.177},
  url          = {https://mathscinet.ams.org/mathscinet-getitem?mr=3021448},
  urldate      = {2020-12-11},
  mrnumber     = {3021448},
  file         = {/Users/fernandomurojimenez/Zotero/storage/4LV8YU76/Geiss et al. - 2013 - n-angulated categories.pdf;/Users/fernandomurojimenez/Zotero/storage/B9J5JW2L/Geiss et al. - 2013 - $n$-angulated categories.pdf;/Users/fernandomurojimenez/Zotero/storage/C94M4BTB/publdoc.html}
}

@article{iyama_yoshino_2008_mutation_triangulated_categories,
  title         = {Mutation in Triangulated Categories and Rigid {{Cohen}}–{{Macaulay}} Modules},
  author        = {Iyama, Osamu and Yoshino, Yuji},
  date          = {2008-01-16},
  journaltitle  = {Inventiones mathematicae 2008 172:1},
  volume        = {172},
  number        = {1},
  eprint        = {math/0607736},
  eprinttype    = {arxiv},
  pages         = {117--168},
  publisher     = {{Springer}},
  issn          = {1432-1297},
  doi           = {10.1007/S00222-007-0096-4},
  url           = {https://link.springer.com/article/10.1007/s00222-007-0096-4},
  urldate       = {2022-03-05},
  abstract      = {We introduce the notion of mutation of n-cluster tilting subcategories in a triangulated category with Auslander–Reiten–Serre duality. Using this idea, we are able to obtain the complete classifications of rigid Cohen–Macaulay modules over certain Veronese subrings.},
  archiveprefix = {arXiv},
  keywords      = {general,Mathematics},
  file          = {/Users/fernandomurojimenez/Zotero/storage/IBLLCGHP/full-text.pdf}
}

@article{jasso_2016_abelian_exact_categories,
  ids          = {jasso_2016_nabelian_nexact_categories},
  title        = {$n$-abelian and $n$-exact categories},
  author       = {Jasso, Gustavo},
  date         = {2016},
  journaltitle = {Math. Z.},
  volume       = {283},
  number       = {3-4},
  pages        = {703–759},
  issn         = {0025-5874},
  doi          = {10/f8v5jm},
  url          = {https://mathscinet.ams.org/mathscinet-getitem?mr=3519980},
  urldate      = {2020-12-18},
  mrnumber     = {3519980},
  file         = {/Users/fernandomurojimenez/Zotero/storage/6F2ZJYH8/Jasso - 2016 - n-Abelian and n-exact categories.pdf;/Users/fernandomurojimenez/Zotero/storage/E6TXAANX/publdoc.html;/Users/fernandomurojimenez/Zotero/storage/GII3H7TM/publdoc.html}
}

@article{muro_2020_enhanced_finite_triangulated,
  title        = {Enhanced {{Finite Triangulated Categories}}},
  author       = {Muro, Fernando},
  date         = {2020},
  journaltitle = {Journal of the Institute of Mathematics of Jussieu},
  pages        = {1--43},
  issn         = {1474-7480, 1475-3030},
  doi          = {10.1017/S1474748020000250},
  url          = {https://www.cambridge.org/core/journals/journal-of-the-institute-of-mathematics-of-jussieu/article/enhanced-finite-triangulated-categories/F5875B3522354CB68D6CDA2D80C44382},
  urldate      = {2020-06-18},
  abstract     = {We give a necessary and sufficient condition for the existence of an enhancement of a finite triangulated category. Moreover, we show that enhancements are unique when they exist, up to Morita equivalence.},
  langid       = {english},
  keywords     = {16E40,18E30,18E30; 16E40; 18G40; 55S35,18G40,55S35,A-infinity category,Hochschild cohomology,Mathematics - Algebraic Topology,Mathematics - Category Theory,Mathematics - K-Theory and Homology,Mathematics - Quantum Algebra,obstruction theory,spectral sequence,Triangulated category},
  note         = {JCR (2019) 1.254 74/324 Q1},
  file         = {/Users/fernandomurojimenez/Zotero/storage/EENZ72WS/Muro - ENHANCED FINITE TRIANGULATED CATEGORIES.pdf;/Users/fernandomurojimenez/Zotero/storage/5AZ93RVE/F5875B3522354CB68D6CDA2D80C44382.html}
}

@article{muro_2020_first_obstructions_enhancing,
  title        = {The First Obstructions to Enhancing a Triangulated Category},
  author       = {Muro, Fernando},
  date         = {2020},
  journaltitle = {Math. Z.},
  volume       = {296},
  number       = {1-2},
  pages        = {719--759},
  issn         = {0025-5874},
  doi          = {10.1007/s00209-019-02438-y},
  url          = {https://mathscinet.ams.org/mathscinet-getitem?mr=4140761},
  urldate      = {2020-10-30},
  mrnumber     = {4140761},
  note         = {JCR (2019) 0.881 139/324 Q2},
  file         = {/Users/fernandomurojimenez/Zotero/storage/3EVBWIN3/Muro - 2020 - The first obstructions to enhancing a triangulated.pdf;/Users/fernandomurojimenez/Zotero/storage/EXQ4RTPI/publdoc.html;/Users/fernandomurojimenez/Zotero/storage/NYZM6U3W/publdoc.html}
}

@article{muro_schwede_strickland_2007_triangulated_categories_models,
  title        = {Triangulated Categories without Models},
  author       = {Muro, Fernando and Schwede, Stefan and Strickland, Neil},
  date         = {2007},
  journaltitle = {Invent. Math.},
  volume       = {170},
  number       = {2},
  pages        = {231--241},
  issn         = {0020-9910},
  doi          = {10.1007/s00222-007-0061-2},
  url          = {http://www.ams.org/mathscinet-getitem?mr=2342636},
  urldate      = {2015-12-29},
  mrnumber     = {2342636},
  keywords     = {Mathematics; general},
  note         = {JCR (2007) 1.664 9/207 Q1},
  file         = {/Users/fernandomurojimenez/Zotero/storage/BU462RIK/Muro et al. - 2007 - Triangulated categories without models.pdf}
}
